@book{vkPsy,
	author = {Markus Reinke},
	title  = {30 Minuten Verkaufspsychologie},
	publisher = {Gabel Verlag},
	year   = {2013},
}
@misc{bmd,
	author = {(Aufgerufen am 10. Januar 2020) Juergen Daunis},
	Title = {The automotive industry in transformation – business model disruption},
	howpublished="\url{https://www.ericsson.com/en/blog/2017/11/the-automotive-industry-in-transformation--business-model-disruption}",
	publisher = {Ericsson},
}
@techreport{b5,
	author = {Lex Fridman},
	institution = {Massachusetts Institute of Technology (MIT)},
	title ={'Human-Centered Autonomous Vehicle Systems: Principles of Effective Shared Autonomy'},
	year = {2018},
}
@techreport{b16,
	author = {S. Debernard, C. Chauvin, R. Pokam, S. Langlois},
	year ={2016} ,
	title ={Designing Human-Machine Interface for Autonomous Vehicles},
	institution ={International Federation of Automatic Control},
}
@misc{meetolli,
	author = {(Aufgerufen am 10. Januar 2020) Divya Krishnan},
	title = {UI/UX for Autonomous Vehicle interface to build trust.},
	howpublished= "\url{https://medium.com/divya-krishnan-design/ui-ux-for-autonomous-vehicle-interface-to-build-trust-de7f4c545c3b}",
	year = {2019},
}
@misc{b35 ,
	title = {Open SCENARIO},
	author = {(Aufgerufen am 10. Januar 2020) Marius Dupius},
	year = {2015},
	howpublished="\url{https://www.asam.net/standards/detail/openscenario/}",
}
@Inbook{Spindler2016,
	author="Spindler, Gerd-Inno",
	title="Kaufverhalten und Kaufentscheidung",
	bookTitle="Basiswissen Marketing: Quick Guide f{\"u}r (Quer-) Einsteiger, Jobwechsler, Selbstst{\"a}ndige, Auszubildende und Studierende ",
	year="2016",
	publisher="Springer Fachmedien Wiesbaden",
	address="Wiesbaden",
	pages="39--48",
	abstract="Das Entwickeln von passenden und zielgerechten Marketingma{\ss}nahmen setzt das Verst{\"a}ndnis der Motivation des Verbrauchers vor, beim und nach dem Kauf voraus.",
	isbn="978-3-658-12380-2",
	doi="10.1007/978-3-658-12380-2_4",
	url="https://doi.org/10.1007/978-3-658-12380-2_4"
}
@book{bainbridge2004berkshire,
	title={Berkshire encyclopedia of human-computer interaction},
	author={Bainbridge, William Sims},
	volume={1},
	year={2004},
	publisher={Berkshire Publishing Group LLC}
}
@misc{rosenbusch,
	howpublished="\url{https://zeix.com/wp-content/uploads/2011/04/ict-jb2011_artikel_zeix_rosenbusch_felix_final.pdf}",
	year ={2011},
	title = {User-Centered Design in sieben Punkten kurz erklärt},
	author = {(Aufgerufen am 10. Januar 2020) Andrea Rosenbusch},
}
@misc{usability-toolkit,
	howpublished="\url{http://usability-toolkit.de/usability/usability-in-web-projekten/}",
	year ={2020},
	title={usability-toolkit.de: Usability für Webprojekte},
	author={(Aufgerufen am 10. Januar 2020) usability-toolkit.de},
}
@misc{seibert2008,
	author ={(Aufgerufen am 10. Januar 2020) Martin Seibert},
	howpublished="\url{ https://blog.seibert-media.net/blog/2008/09/12/personas-geben-zielgruppen-gesichter/}",
	title ={Personas geben Zielgruppen Gesichter},
	year={2008},
}
@misc{uptane,
	author ={(Aufgerufen am 10. Januar 2020) Linux Foundation},
	title = {Uptane Design},
	howpublished="\url{https://uptane.github.io/design.html}",
	year ={2020},
}
@misc{uniStuttgart,
	author = {(Aufgerufen am 10. Januar 2020) Hans-Christian Reuss},
	howpublished="\url{https://www.uni-stuttgart.de/presse/archiv/themenheft/07/intelligente_fahrzeuge.pdf}",
	title ={Intelligente Fahrzeuge},
	year ={2010},
}
@article{vda,
	author = {Verband der Automobilindustrie},
	title = {Automatisierung - Von Fahrassistenzsystemen zum automatisierten Fahren},
	journal = {VDA Magazin - Automatisierung},
	year = {2015},
}
@mastersthesis{stelter,
	author = {Niklas Stelter},
	title = {Entwurf und Simulation von Monitoren für die Evaluierung von Updates intelligenter Fahrzeuge},
	school ={CvO Universität Oldenburg},
	year ={2019},
}
@misc{weisgerber,
	author = {(Aufgerufen am 10. Januar 2020) Thomas Weißgerber},
	title = {Konzepte und Methoden des User Centered Design},
	howpublished="\url{http://www.inf.fu-berlin.de/inst/ag-se/teaching/S-BSE/326_weissgerber_UCD.pdf}",
	year = 2015
}
@misc{seobility,
	author = {(Aufgerufen am 10. Januar 2020) Seobility},
	title = {User Centered Design}
	howpublished="\url{https://www.seobility.net/de/wiki/User_Centered_Design}",
	year = {2020}

}
@misc{jschneider,
	author = {(Aufgerufen am 10. Januar 2020) Jeff Schneider},
	title = {RI Seminar: Jeff Schneider : Self Driving Cars and AI},
	howpublished="\url{https://www.youtube.com/watch?v=jTio\_MPQRYc\&t=1497s}",
	year = {2019}
	
}
@misc{persona1,
	author = {(Aufgerufen am 10. Januar 2020) Michael Green},
	title = {Angry Granpa},
	howpublished="\url{https://commons.wikimedia.org/wiki/File:Angry_Grandpa_-_2015_(cropped).jpg}",
	year = {2015}
}

@misc{persona2,
	author = {(Aufgerufen am 10. Januar 2020) GrummelJS},
	title = {Datei:Walter E. Boomer.jpg},
	howpublished="\url{https://de.wikipedia.org/wiki/Datei:Walter_E._Boomer.jpg}",
	year = {2008}
}
@misc{persona3,
	author = {(Aufgerufen am 10. Januar 2020) Tibchris},
	title = {File:A beautiful girl in her black dress.jpg},
	howpublished="\url{https://commons.wikimedia.org/wiki/File:A_beautiful_girl_in_her_black_dress.jpg}",
	year = {2010}
}

@online{bmc,
	author = {(Aufgerufen am 21. Juni 2020) Startplatz},
	title = {Business Model Canvas},
	date = {14. Juni 2020},
	howpublished="\url{https://www.startplatz.de/startup-wiki/business-model-canvas/}",
}

@techreport{fahrerAlter,
	author = {Referat Fahrzeugstatistik	},
	institution = {Kraftfahrt-Bundesamt},
	title ={'Fachartikel: Halter der Fahrzeuge'},
	year = {2011},
}


@article{b101,
	author = {(Aufgerufen am 21. Juni 2020) Meike Lorenzen},
	title = {Warum Ältere Menschen Innovationen ignorieren},
	journaltitle = {Wirtschafts Woche},
	date = {6. Juni 2014},
	howpublished = "\url{https://www.wiwo.de/technologie/forschung/technik-fuer-senioren-warum-aeltere-innovationen-ignorieren/9951768.html}",
}

@article{b102,
	author = {(Aufgerufen am 21. Juni 2020) Marc Zimmer},
	title = {Eltern in Technik-Fragen auf Kinder angewiesen},
	journaltitle = {mdr Aktuell},
	date = {18. September 2019},
	howpublished= "\url{https://www.mdr.de/nachrichten/panorama/eltern-technik-kinder-helfen-100.html}",
}

@online{b103,
	author = {(Aufgerufen am 21. Juni 2020) Rilind Elezaj},
	title = {Autonomous Cars: Safety Oppertunity or Cybersecurity Threat?},
	date = {16. Juli 2019},
	howpublished="\url{https://www.machinedesign.com/mechanical-motion-systems/article/21837958/autonomous-cars-safety-opportunity-or-cybersecurity-threat}",
}

@article{b104,
	author = {(Aufgerufen am 21. Juni 2020) Marc Zimmer},
	title = {Eltern in Technik-Fragen auf Kinder angewiesen},
	journaltitle = {mdr Aktuell},
	date = {18. September 2019},
	howpublished="\url{https://www.mdr.de/nachrichten/panorama/eltern-technik-kinder-helfen-100.html}",
}

@online{wsk,
	author = {(Aufgerufen am 21. Juni 2020) Torsten Klanitz},
	title = {Wertschöpfungskette},
	date = {14. Juni 2020},
	howpublished="\url{https://refa.de/service/refa-lexikon/wertschoepfungskette}",
}

@online{wsk2,
	author = {(Aufgerufen am 21. Juni 2020) Manager-Wiki},
	title = {Wertkette (nach Porter)},
	date = {14. Juni 2020},
	howpublished="\url{http://www.manager-wiki.com/unternehmensanalyse/12-wertkette}",
}


@booklet{wlb,
	author = {(Aufgerufen am 21. Juni 2020) Bundesministerium für Familie, Senioren, Frauen und Jugend},
	title = {Work Life Balance},
	month = {August},
	year = {2005},
	howpublished="\url{https://www.bmfsfj.de/blob/95550/eb8fab22f858838abd0b8dad47cbe95d/work-life-balance-data.pdf}",
}

@book{android,
	author = {Thomas Künneth},
	title = {Android 8 - Das Praxisbuch für Java-Entwickler},
	date = {2018},
}


@misc{b105,
	author = {(Aufgerufen am 19. Juni 2020) Werner Sammer},
	title = {Der Business Model Canvas: Dein Geschäftsmodell kompakt},
	howpublished="\url{
	https://ut11.net/de/blog/dein-geschaftsmodell-kompakt-der-business-model-canvas/}",
	year = {2019}
}


@misc{b106,
	author = {(Aufgerufen am 19. Juni 2020) Andreas Ahlswede},
	title = {Anzahl registrierter Kraftfahrzeuge weltweit in den Jahren 2005 bis 2015},
	howpublished="\url{
	https://de.statista.com/statistik/daten/studie/244999/umfrage/weltweiter-pkw-und-nutzfahrzeugbestand/}",
	year = {2017}
}

@misc{uptaneDoc,
	author = {(Aufgerufen am 21. Juni 2020) Uptane Alliance},
	title = {Uptane Standard for Design and Implementation},
	howpublished = "\url{https://uptane.github.io/papers/uptane-standard.1.0.1.html}",
}

@misc{socialmedia,
	author = {(Aufgerufen am 21. Juni 2020) L. Rabe},
	title = {Durchschnittliche tägliche Nutzungsdauer von sozialen Medien weltweit in den Jahren 2012 bis 2018},
	date = {11.03.2020},
	howpublished = "\url{https://de.statista.com/statistik/daten/studie/475072/umfrage/taegliche-nutzungdauer-von-sozialen-medien/}",
}
